@article{alais2004, 
	author = {Alais, D. and Burr, D.}, 
	title = {The ventriloquist effect results from near-optimal bimodal integration.}, 
	journal = {Curr Biol}, 
	volume = {14}, 
	year = {2004}, 
	pages = {257--262}
}
@article{angelaki2008, 
	author = {Angelaki, D.E. and Cullen, K.E.}, 
	title = {Vestibular system: the many facets of a multimodal sense.}, 
	journal = {Annu Rev Neurosci}, 
	volume = {31}, 
	year = {2008}, 
	pages = {125--150}
}
@article{aubert1861, 
	author = {Aubert, H.}, 
	title = {Eine scheinbare bedeutende Drehung von Objecten bei Neigung des Kopfes nach rechts oder links.}, 
	journal = {Virchows Archiv}, 
	volume = {20}, 
	year = {1861}, 
	pages = {381--393}
}
@article{bays2007, 
	author = {Bays, P.M. and Wolpert, D.M.}, 
	title = {Computational principles of sensorimotor control that minimize uncertainty and variability.}, 
	journal = {J Physiol}, 
	volume = {578}, 
	year = {2007}, 
	pages = {387--396}
}
@article{benson1989, 
	author = {Benson, A.J. and Hutt, E.C. and Brown, S.F.}, 
	title = {Thresholds for the perception of whole body angular movement about a vertical axis.}, 
	journal = {Aviat Space Environ Med}, 
	volume = {60}, 
	year = {1989}, 
	pages = {205--213}
}
@article{bisdorff1996, 
	author = {Bisdorff, A.R. and Wolsley, C.J. and Anastasopoulos, D. and Bronstein, A.M. and Gresty, M.A.}, 
	title = {The perception of body verticality (subjective postural vertical) in peripheral and central vestibular disorders.}, 
	journal = {Brain}, 
	volume = {119}, 
	year = {1996}, 
	pages = {1523--1534}
}
@article{bortolami2006, 
	author = {Bortolami, S.B. and Pierobon, A. and DiZio, P. and Lackner, J.R.}, 
	title = {Localization of the subjective vertical during roll, pitch, and recumbent yaw body tilt.}, 
	journal = {Exp Brain Res}, 
	volume = {173}, 
	year = {2006}, 
	pages = {364--373}
}
@article{bronstein1996, 
	author = {Bronstein, A.M. and Yardley, L. and Moore, A.P. and Cleeves, L.}, 
	title = {Visually and posturally mediated tilt illusion in Parkinson's disease and in labyrinthine defective subjects.}, 
	journal = {Neurology}, 
	volume = {47}, 
	year = {1996}, 
	pages = {651--656}
}
@article{clark1963, 
	author = {Clark, B. and Graybiel, A.}, 
	title = {Perception of the postural vertical in normals and subjects with labyrinthine defects.}, 
	journal = {J Exp Psychol}, 
	volume = {65}, 
	year = {1963}, 
	pages = {490--494}
}
@article{clark1964, 
	author = {Clark, B. and Graybiel, A.}, 
	title = {Perception of the postural vertical following prolonged bodily tilt in normals and subjects with labyrinthine defects.}, 
	journal = {Acta Otolaryngol}, 
	volume = {58}, 
	year = {1964}, 
	pages = {143--148}
}
@article{devrijer2008, 
	author = {De Vrijer, M. and Medendorp, W.P. and Van Gisbergen, J.A.}, 
	title = {Shared computational mechanism for tilt compensation accounts for biased verticality percepts in motion and pattern vision.}, 
	journal = {J Neurophysiol}, 
	volume = {99}, 
	year = {2008}, 
	pages = {915--930}
}
@article{dichgans1974, 
	author = {Dichgans, J. and Diener, H.C. and Brandt, T.}, 
	title = {Optokinetic-graviceptive interaction in different head positions.}, 
	journal = {Acta Otolaryngol}, 
	volume = {78}, 
	year = {1974}, 
	pages = {391--398}
}
@article{ernst2002, 
	author = {Ernst, M.O. and Banks, M.S.}, 
	title = {Humans integrate visual and haptic information in a statistically optimal fashion.}, 
	journal = {Nature}, 
	volume = {415}, 
	year = {2002}, 
	pages = {429--433}
}
@article{ernst2004, 
	author = {Ernst, M.O. and Bülthoff, H.H.}, 
	title = {Merging the senses into a robust percept.}, 
	journal = {Trends Cogn Sci}, 
	volume = {8}, 
	year = {2004}, 
	pages = {162--169}
}
@article{fern?ndez1976, 
	author = {Fern?ndez, C. and Goldberg, J.M.}, 
	title = {Physiology of peripheral neurons innervating otolith organs of the squirrel monkey. I. Response to static tilts and to long-duration centrifugal force.}, 
	journal = {J Neurophysiol}, 
	volume = {39}, 
	year = {1976}, 
	pages = {970--984}
}
@article{jacobs1999, 
	author = {Jacobs, R.A.}, 
	title = {Optimal integration of texture and motion cues to depth.}, 
	journal = {Vision Res}, 
	volume = {39}, 
	year = {1999}, 
	pages = {3621--3629}
}
@article{jaeger2008, 
	author = {Jaeger, R. and Kondrachuk, A.V. and Haslwanter, T.}, 
	title = {The distribution of otolith polarization vectors in mammals: comparison between model predictions and single cell recordings.}, 
	journal = {Hear Res}, 
	volume = {239}, 
	year = {2008}, 
	pages = {12--19}
}
@article{jarchow1999, 
	author = {Jarchow, T. and Mast, F.W.}, 
	title = {The effect of water immersion on postural and visual orientation.}, 
	journal = {Aviat Space Environ Med}, 
	volume = {70}, 
	year = {1999}, 
	pages = {879--886}
}
@article{kaptein2004, 
	author = {Kaptein, R.G. and Van Gisbergen, J.A.}, 
	title = {Interpretation of a discontinuity in the sense of verticality at large body tilt.}, 
	journal = {J Neurophysiol}, 
	volume = {91}, 
	year = {2004}, 
	pages = {2205--2214}
}
@article{knill2004, 
	author = {Knill, D.C. and Pouget, A.}, 
	title = {The Bayesian brain: the role of uncertainty in neural coding and computation.}, 
	journal = {Trends Neurosci}, 
	volume = {27}, 
	year = {2004}, 
	pages = {712--719}
}
@article{kording2004, 
	author = {Körding, K.P. and Wolpert, D.M.}, 
	title = {Bayesian integration in sensorimotor learning.}, 
	journal = {Nature}, 
	volume = {427}, 
	year = {2004}, 
	pages = {244--247}
}
@article{landy1995, 
	author = {Landy, M.S. and Maloney, L.T. and Johnston, E.B. and Young, M.}, 
	title = {Measurement and modeling of depth cue combination: in defense of weak fusion.}, 
	journal = {Vision Res}, 
	volume = {35}, 
	year = {1995}, 
	pages = {389--412}
}
@article{lorincz2008, 
	author = {Lorincz, E.N. and Hess, B.J.}, 
	title = {Dynamic effects on the subjective visual vertical after roll rotation.}, 
	journal = {J Neurophysiol}, 
	volume = {100}, 
	year = {2008}, 
	pages = {657--669}
}
@article{macneilage2007, 
	author = {MacNeilage, P.R. and Banks, M.S. and Berger, D.R. and B?lthoff, H.H.}, 
	title = {A Bayesian model of the disambiguation of gravitoinertial force by visual cues.}, 
	journal = {Exp Brain Res}, 
	volume = {179}, 
	year = {2007}, 
	pages = {263--290}
}
@article{mast1996, 
	author = {Mast, F. and Jarchow, T.}, 
	title = {Perceived body position and the visual horizontal.}, 
	journal = {Brain Res Bull}, 
	volume = {40}, 
	year = {1996}, 
	pages = {393--397}
}
@article{mcguire2009, 
	author = {McGuire, L.M. and Sabes, P.N.}, 
	title = {Sensory transformations and the use of multiple reference frames for reach planning.}, 
	journal = {Nat Neurosci}, 
	volume = {12}, 
	year = {2009}, 
	pages = {1056--1061}
}
@article{mckenna2004, 
	author = {McKenna, G.J. and Peng, G.C. and Zee, D.S.}, 
	title = {Neck muscle vibration alters visually perceived roll in normals.}, 
	journal = {J Assoc Res Otolaryngol}, 
	volume = {5}, 
	year = {2004}, 
	pages = {25--31}
}
@article{mittelstaedt1983, 
	author = {Mittelstaedt, H.}, 
	title = {A new solution to the problem of the subjective vertical.}, 
	journal = {Naturwissenschaften}, 
	volume = {70}, 
	year = {1983}, 
	pages = {272--281}
}
@article{mittelstaedt1997, 
	author = {Mittelstaedt, H.}, 
	title = {Interaction of eye-, head-, and trunk-bound information in spatial perception and control.}, 
	journal = {J Vestib Res}, 
	volume = {7}, 
	year = {1997}, 
	pages = {283--302}
}
@article{mittelstaedt1998, 
	author = {Mittelstaedt, H.}, 
	title = {Origin and processing of postural information.}, 
	journal = {Neurosci Biobehav Rev}, 
	volume = {22}, 
	year = {1998}, 
	pages = {473--478}
}
@article{nelson1968, 
	author = {Nelson, J.G.}, 
	title = {Effect of water immersion and body position upon perception of the gravitational vertical.}, 
	journal = {Aerospace Med}, 
	volume = {39}, 
	year = {1968}, 
	pages = {806--811}
}
@article{rosenhall1972, 
	author = {Rosenhall, U.}, 
	title = {Vestibular macular mapping in man.}, 
	journal = {Ann Otol Rhinol Laryngol}, 
	volume = {81}, 
	year = {1972}, 
	pages = {339--351}
}
@article{schone1964, 
	author = {Schöne, H.}, 
	title = {On the role of gravity in human spatial orientation.}, 
	journal = {Aerosp Med}, 
	volume = {35}, 
	year = {1964}, 
	pages = {764--772}
}
@article{schone1968, 
	author = {Schöne, H. and Udo de Haes, H.}, 
	title = {Perception of gravity?vertical as a function of head and trunk position.}, 
	journal = {J Comp Physiol A Neuroethol Sens Neural Behav Physiol}, 
	volume = {60}, 
	year = {1968}, 
	pages = {440--444}
}
@article{tarnutzer2009, 
	author = {Tarnutzer, A.A. and Bockisch, C. and Straumann, D. and Olasagasti, I.}, 
	title = {Gravity dependence of subjective visual vertical variability.}, 
	journal = {J Neurophysiol}, 
	volume = {102}, 
	year = {2009}, 
	pages = {1657--1671}
}
@article{tarnutzer2010, 
	author = {Tarnutzer, A.A. and Bockisch, C.J. and Straumann, D.}, 
	title = {Roll-dependent modulation of the subjective visual vertical: contributions of head- and trunk-based signals.}, 
	journal = {J Neurophysiol}, 
	volume = {103}, 
	year = {2010}, 
	pages = {934--941}
}
@article{trousselard2004, 
	author = {Trousselard, M. and Barraud, P.A. and Nougier, V. and Raphel, C. and Cian, C.}, 
	title = {Contribution of tactile and interoceptive cues to the perception of the direction of gravity.}, 
	journal = {Brain Res Cogn Brain Res}, 
	volume = {20}, 
	year = {2004}, 
	pages = {355--362}
}
@article{udodehaes1970, 
	author = {Udo de Haes, H.}, 
	title = {Stability of apparent vertical and ocular countertorsion as a function of lateral tilt.}, 
	journal = {Atten Percept Psychophys}, 
	volume = {8}, 
	year = {1970}, 
	pages = {137--142}
}
@article{vaitl1997, 
	author = {Vaitl, D. and Mittelstaedt, H. and Baisch, F.}, 
	title = {Shifts in blood volume alter the perception of posture.}, 
	journal = {Int J Psychophysiol}, 
	volume = {27}, 
	year = {1997}, 
	pages = {99--105}
}
@article{vaitl2002, 
	author = {Vaitl, D. and Mittelstaedt, H. and Saborowski, R. and Stark, R. and Baisch, F.}, 
	title = {Shifts in blood volume alter the perception of posture: further evidence for somatic graviception.}, 
	journal = {Int J Psychophysiol}, 
	volume = {44}, 
	year = {2002}, 
	pages = {1--11}
}
@article{vanbeers1999, 
	author = {van Beers, R.J. and Sittig, A.C. and Gon, J.J.}, 
	title = {Integration of proprioceptive and visual position-information: an experimentally supported model.}, 
	journal = {J Neurophysiol}, 
	volume = {81}, 
	year = {1999}, 
	pages = {1355--1364}
}
@article{vanbeuzekom2000, 
	author = {Van Beuzekom, A.D. and Van Gisbergen, J.A.}, 
	title = {Properties of the internal representation of gravity inferred from spatial-direction and body-tilt estimates.}, 
	journal = {J Neurophysiol}, 
	volume = {84}, 
	year = {2000}, 
	pages = {11--27}
}
@article{vanbeuzekom2001, 
	author = {Van Beuzekom, A.D. and Medendorp, W.P. and Van Gisbergen, J.A.}, 
	title = {The subjective vertical and the sense of self orientation during active body tilt.}, 
	journal = {Vision Res}, 
	volume = {41}, 
	year = {2001}, 
	pages = {3229--3242}
}
@article{vandenbussche1986, 
	author = {Vandenbussche, E. and Vogels, R. and Orban, G.A.}, 
	title = {Human orientation discrimination: changes with eccentricity in normal and amblyopic vision.}, 
	journal = {Invest Ophthalmol Vis Sci}, 
	volume = {27}, 
	year = {1986}, 
	pages = {237--245}
}
@article{vingerhoets2008, 
	author = {Vingerhoets, R.A. and Medendorp, W.P. and Van Gisbergen, J.A.}, 
	title = {Body-tilt and visual verticality perception during multiple cycles of roll rotation.}, 
	journal = {J Neurophysiol}, 
	volume = {99}, 
	year = {2008}, 
	pages = {2264--2280}
}
@article{wade1968, 
	author = {Wade, N.J.}, 
	title = {Visual orientation during and after lateral head, body, and trunk tilt.}, 
	journal = {Atten Percept Psychophys}, 
	volume = {3}, 
	year = {1968}, 
	pages = {215--219}
}
@article{wichmann2001, 
	author = {Wichmann, F.A. and Hill, N.J.}, 
	title = {The psychometric function: I. Fitting, sampling, and goodness of fit.}, 
	journal = {Percept Psychophys}, 
	volume = {63}, 
	year = {2001}, 
	pages = {1293--1313}
}
@article{wichmann2001b, 
	author = {Wichmann, F.A. and Hill, N.J.}, 
	title = {The psychometric function: II. Bootstrap-based confidence intervals and sampling.}, 
	journal = {Percept Psychophys}, 
	volume = {63}, 
	year = {2001}, 
	pages = {1314--1329}
}
@article{young1975, 
	author = {Young, L.R. and Oman, C.M. and Dichgans, J.M.}, 
	title = {Influence of head orientation on visually induced pitch and roll sensation.}, 
	journal = {Aviat Space Environ Med}, 
	volume = {46}, 
	year = {1975}, 
	pages = {264--268}
}
